@misc{tandem,
    author = "{Wikipedia contributors}",
    title = "Tandem language learning --- {Wikipedia}{,} The Free Encyclopedia",
    year = "2021",
    url = "https://en.wikipedia.org/w/index.php?title=Tandem_language_learning&oldid=1019412939",
    note = "[Online; accessed 11-August-2021]"
}

@inproceedings{Dabic:msr2021data,
  author = {Dabic, Ozren and Aghajani, Emad and Bavota, Gabriele},
  title = {Sampling Projects in GitHub for {MSR} Studies},
  year = {2021},
  url = {https://arxiv.org/abs/2103.04682},
  booktitle = {Proceedings of the 18th International Conference on Mining Software Repositories},
  pages = {To appear},
  numpages = {5},
  series = {MSR'21}
}

@article{AssociationRules,
  author          = {Lorenzo Govoni},
  title           = {Come lâ€™Algoritmo Apriori misura le regole di associazione},
  url             = {https://www.lorenzogovoni.com/come-lalgoritmo-apriori-misura-le-regole-di-associazione/},
}

@misc{Apyori,
  author = {ymoch},
  title = {Apyori: A simple implementation of Apriori algorithm by Python.},
  year = {2016},
  publisher = {GitHub},
  journal = {GitHub repository},
  howpublished = {\url{https://github.com/ymoch/apyori}},
  commit = {145abe0ee1e312c81cdb06ef08f0413c0a9be9de}
}

@inproceedings{rehurek_lrec,
      title = {{Software Framework for Topic Modelling with Large Corpora}},
      author = {Radim {\v R}eh{\r u}{\v r}ek and Petr Sojka},
      booktitle = {{Proceedings of the LREC 2010 Workshop on New
           Challenges for NLP Frameworks}},
      pages = {45--50},
      year = 2010,
      month = May,
      day = 22,
      publisher = {ELRA},
      address = {Valletta, Malta},
      note={\url{http://is.muni.cz/publication/884893/en}},
      language={English}
}

@misc{Word2Vec,
  title = {Word2Vec Tutorial - The Skip-Gram Model.},
  author = {Chris McCormick},
  howpublished = {\url{http://mccormickml.com/2016/04/19/word2vec-tutorial-the-skip-gram-model/}},
  year = {2016}
}

@article{SourceForge,
  title = {"The Canary in the Coal Mine..." A Cautionary Tale from the Decline of SourceForge},
  author = {Damian Andrew Tamburri and Kelly Blincoe and Fabio Palomba and Rick Kazman}
}

@article{CommunitySmells,
  title = {Exploring Community Smells in Open-Source: An Automated Approach},
  author = {Damian A. Tamburri and Fabio Palomba and Rick Kazman},
  year = {2017},
  month = {08},
  day = {08}
}